@inproceedings{at_press_netw_sec,
  title={Analysis of Computer Network Security Problems and Countermeasures},
  author={Feng Liao},
  year={2017/07},
  booktitle={Proceedings of the 2017 7th International Conference on Social Network, Communication and Education (SNCE 2017)},
  pages={905-908},
  issn={2352-538X},
  isbn={978-94-6252-386-9},
  url={https://doi.org/10.2991/snce-17.2017.186},
  doi={10.2991/snce-17.2017.186},
  publisher={Atlantis Press}
}

@techreport{common_network_misconfiguration_cisa,
    key = {NSA and CISA 2023 Advisory},
    author={},
    title = {NSA and CISA Red and Blue Teams Share Top Ten Cybersecurity Misconfigurations},
    institution = {NSA, CISA} ,
    year = {2023},
    url = {https://www.cisa.gov/news-events/cybersecurity-advisories/aa23-278a}
}

@misc{wiki_colonial_pipeline,
  author = {Wikipedia},
  title = {Colonial Pipeline --- Wikipedia{,} L'enciclopedia libera},
  year = {2012},
  url = {https://en.wikipedia.org/wiki/Colonial_Pipeline},
  note = {Online; controllata il 22-Giugno-2024}
}

@inproceedings{colonial_pipeline_attack,
  author={Beerman Jack AND Berent David AND Falter Zach AND Bhunia Suman},
  booktitle={2023 IEEE/ACM 23rd International Symposium on Cluster, Cloud and Internet Computing Workshops (CCGridW)}, 
  title={A Review of Colonial Pipeline Ransomware Attack}, 
  year={2023},
  volume={},
  number={},
  pages={8-15},
  keywords={Computer hacking;Conferences;Pipelines;Companies;Network security;Control systems;Virtual private networks;Colonial Pipeline;Ransomware;DarkSide (Hacking Group);Virtual Private Network (VPN);Dark Web},
  doi={10.1109/CCGridW59191.2023.00017}}


@misc{airport_reschedule_flights_fuel_shortage,
  author = {Tracy Rucinski},
  title = {American Airlines adds stops to two flights after pipeline outage},
  year = {2021},
  url = {https://www.reuters.com/business/energy/american-airlines-adds-fuel-stops-two-flights-after-pipeline-outage-2021-05-11/},
}


@misc{cisa2023,
  author       = {{Cybersecurity and Infrastructure Security Agency}},
  title        = {Cybersecurity Advisories},
  year         = {2023},
  url          = {https://www.cisa.gov/news-events/cybersecurity-advisories?f%5B0%5D=advisory_type%3A94},
  lastchecked = {2023-10-01}
}

@article{sole_24,
    author = {Marta Casadei},
    title = {Pmi, sull’Italia pesano gap di produttività e bassa scalabilità},
    journal = {Il Sole 24 Ore},
    year = {2024},
    url = {https://www.ilsole24ore.com/art/pmi-sull-italia-pesano-gap-produttivita-e-bassa-scalabilita-AGxlyyQ}
}

@misc{eu_site_PMI,
    author= {{Ufficio delle pubblicazioni dell’Unione europea}},
    title = {Piccole e medie imprese} ,
    year = {2022},
    url = {https://eur-lex.europa.eu/legal-content/IT/ALL/?uri=LEGISSUM:sme}
}

@InProceedings{vul_in_printers,
author="Blancaflor, Eric B.
and Montoya, Allen James",
editor="Meng, Lei",
title="Vulnerabilities in Office Printers, Multifunction Printers (MFP), 3D Printers, and Digital Copiers: A Gateway to Breach Our Enterprise Network",
booktitle="International Conference on Cloud Computing and Computer Networks",
year="2024",
publisher="Springer Nature Switzerland",
address="Cham",
pages="53--62",
isbn="978-3-031-47100-1"
}

@article{how_to_print_sec,
author = {Giampaolo Bella and Pietro Biondi and Stefano Bognanni},
title = {Multi-service threats: Attacking and protecting network printers and VoIP phones alike},
journal = {Internet of Things},
volume = {18},
pages = {100507},
year = {2022},
issn = {2542-6605},
doi = {https://doi.org/10.1016/j.iot.2022.100507},
url = {https://www.sciencedirect.com/science/article/pii/S2542660522000130},
keywords = {Denial of service, Data breach, Security, Privacy, Trust, Insider threat}
}

@misc{pwn2own,
    author = {Brizinov, Sharon and Moshe, Noam and Goldschmidt, Tomer},
    title = {Pwn2Own: WAN-to-LAN Exploit Showcase, Part 1},
    year = {2024},
    url = {https://claroty.com/team82/research/pwn2own-wan-to-lan-exploit-showcase}
}

@InProceedings{NGFW_IPSec_VPN_WAN,
author="Arefin, Md. Taslim
and Uddin, Md. Raihan
and Evan, Nawshad Ahmad
and Alam, Md Raiyan",
editor="Pandian, A.Pasumpon
and Fernando, Xavier
and Islam, Syed Mohammed Shamsul",
title="Enterprise Network: Security Enhancement and Policy Management Using Next-Generation Firewall (NGFW)",
booktitle="Computer Networks, Big Data and IoT",
year="2021",
publisher="Springer Singapore",
address="Singapore",
pages="753--769",
isbn="978-981-16-0965-7"
}

@article{ multi_tenant_risks, 
author={Hashim, Wahidah and Hussein, Noor Al-Huda K.},
title={Securing Cloud Computing Environments: An Analysis of Multi-Tenancy Vulnerabilities and Countermeasures}, 
volume={2024}, 
url={https://peninsula-press.ae/Journals/index.php/SHIFRA/article/view/47}, 
DOI={10.70470/SHIFRA/2024/002}, 
journal={SHIFRA}, 
year={2024},
pages={8–16} 
}

@article{aws_config,
  title={Overview of amazon web services},
  author={Mathew, Sajee and Varia, J},
  journal={Amazon Whitepapers},
  volume={105},
  number={1},
  pages={22},
  year={2014}
}

@article{s3_bucket_attack,
    author = {lentepubblica.it},
    title = {Un attacco cyber ad AWS ripropone la fragilità dei dati sensibili},
    url = {https://lentepubblica.it/cittadini-e-imprese/attacco-cyber-aws-dati-sensibili/},
    journal = {lentepubblica.it},
    year = {2024}
}


@article{PATEL20159,
title = {Network performance without compromising security},
journal = {Network Security},
volume = {2015},
number = {1},
pages = {9-12},
year = {2015},
issn = {1353-4858},
doi = {https://doi.org/10.1016/S1353-4858(15)70008-5},
url = {https://www.sciencedirect.com/science/article/pii/S1353485815700085},
author = {Ashish Patel},
}

@article{intel_sec_mcafee,
    author = {{McAfee and Intel Security}},
    title = {Network Performance and Security},
    journal = {Intel Security},
    year = {2014},
    url = {https://www.webtorials.com/main/resource/papers/McAfee/paper41/network-performance-security-trade-off.pdf}
}


@article{linkedin_iso_csf,
  author = {Sabari Kumar KB},
  url = {https://www.linkedin.com/pulse/nist-vs-iso-27001-choosing-right-cybersecurity-framework-kb/},
  title = {NIST vs. ISO 27001: Choosing the Right Cybersecurity Framework},
  journal = {LinkedIn},
  year = {2023}
}

@INPROCEEDINGS{Comparison_CSF_ISO,
  author={Roy, Prameet P.},
  booktitle={2020 National Conference on Emerging Trends on Sustainable Technology and Engineering Applications (NCETSTEA)}, 
  title={A High-Level Comparison between the NIST Cyber Security Framework and the ISO 27001 Information Security Standard}, 
  year={2020},
  volume={},
  number={},
  pages={1-3},
  keywords={Measurement;ISO Standards;Security management;ISO;Information security;NIST;Market research;Cyber Security;Risk Management Framework;Information Security;Risk Assessment;Risk Treatment},
  doi={10.1109/NCETSTEA48365.2020.9119914}}

@misc{cobit_fortinet_strengths_weaknesses,
    key = {Fortinet},
    title = {What Is The COBIT Framework?},
    journal = {Fortinet},
    year = {2023},
    url = {https://www.fortinet.com/resources/cyberglossary/what-is-cobit}
}


@article{cobit_overview,
    author = {Nathan-Ross Adams},
    title = {COBIT 2019: IT governance framework},
    journal = {ITLawCo},
    year = {2024},
    url = {https://itlawco.com/cobit-2019-it-governance-framework/#:~:text=What%20is%20COBIT%202019%3F,govern%20and%20manage%20IT%20effectively.}
}


@article{analysis_cobit_csf_iso27001,
author = {Sulistyowati, Diah and Handayani, Fitri and Suryanto, Yohan},
year = {2020},
month = {12},
pages = {},
title = {Comparative Analysis and Design of Cybersecurity Maturity Assessment Methodology Using NIST CSF, COBIT, ISO/IEC 27002 and PCI DSS},
volume = {4},
journal = {JOIV : International Journal on Informatics Visualization},
doi = {10.30630/joiv.4.4.482}
}

@misc{ciso_csm_and_percentage,
    key = {PoliMi},
    title = {Cyber Security Manager e CISO: quali competenze servono},
    journal = {PoliMi Graduate School of Management},
    year = {2024},
    url = {https://www.gsom.polimi.it/knowledge/cyber-security-manager-e-ciso-quali-competenze-servono/}
}

@misc{ciso_cisco,
    key = {Cisco},
    title = {What Is a CISO?},
    journal = {Cisco},
    year = {2024},
    url = {https://www.cisco.com/c/en/us/products/security/what-is-ciso.html}
}

@misc{obkio_net_monitors,
    author = {Alyssa Lamberti},
    title = {A Guide to Different Types of Network Monitoring Tools: Unveiling the Superheroes},
    journal = {Obkio},
    year = {2023},
    url = {https://obkio.com/blog/types-of-network-monitoring-tools/}
}

@article{paper_net_monitoring,
    author = {Nwakeze, Osita},
    journal = {IRJMETS},
    year = {2024},
    month = {06},
    pages = {3009-3025},
    title = {THE ROLE OF NETWORK MONITORING AND ANALYSIS IN ENSURING OPTIMAL NETWORK PERFORMANCE},
    volume = {6},
    doi = {10.56726/IRJMETS59269}
}

@ARTICLE{siem_and_soc_paper,
  author={Bhatt, Sandeep and Manadhata, Pratyusa K. and Zomlot, Loai},
  journal={IEEE Security \& Privacy}, 
  title={The Operational Role of Security Information and Event Management Systems}, 
  year={2014},
  volume={12},
  number={5},
  pages={35-41},
  doi={10.1109/MSP.2014.103}
}

@article{soc_functions_book,
  title={Security operation center},
  author={Chamkar, Achraf Samir and Maleh, Yassine and Gherabi, Noreddine},
  journal={The Art of Cyber Defense: From Risk Assessment to Threat Intelligence},
  pages={271},
  year={2024},
  publisher={CRC Press}
}

@article{soc_architecture_pic,
  title={Security operation center concepts \& implementation},
  author={Bidou, Renaud},
  journal = {Citeseer},
  url = {http://www. iv2-technologies. com},
  year={2005},
}

@article{MITRE_ATT_CK_description,
    author = {Eran Alsheh},
    title = {Creating a smarter SOC with the MITRE ATT\&CK framework},
    journal = {CyberProof},
    year = {2023},
    url = {https://www.cyberproof.com/blog/creating-a-smarter-soc-with-the-mitre-attck-framework/}
}

@article{mitre_attck_matrix_pic_paper,
author = {Al-Sada, Bader and Sadighian, Alireza and Oligeri, Gabriele},
year = {2023},
month = {01},
pages = {1-1},
title = {Analysis and Characterization of Cyber Threats Leveraging the MITRE ATT\&CK Database},
volume = {PP},
journal = {IEEE Access},
doi = {10.1109/ACCESS.2023.3344680}
}

%le due seguenti citazioni sotto sono prese dal paper qui sopra e sono usate nel sotto-sottoparagrafo MITRE ATTCK dei SOC
@INPROCEEDINGS{paper_esempi_concreti_diminuzione_danni_potenziali_n3,
  author={Kwon, Roger and Ashley, Travis and Castleberry, Jerry and Mckenzie, Penny and Gupta Gourisetti, Sri Nikhil},
  booktitle={2020 Resilience Week (RWS)}, 
  title={Cyber Threat Dictionary Using MITRE ATT\&CK Matrix and NIST Cybersecurity Framework Mapping}, 
  year={2020},
  volume={},
  number={},
  pages={106-112},
  doi={10.1109/RWS50334.2020.9241271}
}

@INPROCEEDINGS{paper_esempi_concreti_diminuzione_danni_potenziali_n4,
  author={Cho, Sungyoung and Han, Insung and Jeong, Hyunsook and Kim, Jinsoo and Koo, Sungmo and Oh, Haengrok and Park, Moosung},
  booktitle={2018 International Conference On Cyber Situational Awareness, Data Analytics And Assessment (Cyber SA)}, 
  title={Cyber Kill Chain based Threat Taxonomy and its Application on Cyber Common Operational Picture}, 
  year={2018},
  volume={},
  number={},
  pages={1-8},
  doi={10.1109/CyberSA.2018.8551383}}

@ARTICLE{access_control,
  author={Sandhu, R.S. and Samarati, P.},
  journal={IEEE Communications Magazine}, 
  title={Access control: principle and practice}, 
  year={1994},
  volume={32},
  number={9},
  pages={40-48},
  doi={10.1109/35.312842}
}

@ARTICLE{access_control_matrix_pic,
  author={Tony Gagliardi},
  journal={Drata}, 
  title={User Access Reviews: A Step-by-Step Guide + Checklist}, 
  year={2024},
  url = {https://drata.com/blog/user-access-review}
}

@techreport{nist_study_rbac,
   author = {David Ferraiolo, Dennis Gilbert, Nickilyn Lynch},
   title = {An Examination of Federal and Commercial Access Control Policy Needs},
   institution = {National Institute of Standards and Technology},
   address= {Gaithersburg, MD},
   number = {16th National Computer Security Conference},
   year = {1993},
   pages = {107-116}
}


@book{libro_patch_management,
   title =     {Encyclopedia of information assurance. 4 Volume Set},
   author =    {Rogers, Marcus K.; Herold, Rebecca},
   publisher = {CRC Press/Taylor \& Francis},
   isbn =      {9781420067385; 1420067389},
   year =      {2011},
}

@techreport{nist_patch_management,
    author = {Souppaya, Murugiah and Scarfone, Karen},
    year = {2013},
    month = {07},
    title = {NIST Special Publication 800-40 Revision 3, Guide to Enterprise Patch Management Technologies},
   institution = {U.S. Department of Commerce},
    doi = {10.6028/NIST.SP.800-40r3}
}


@article{scap_protocolsecurity,
    title = {Security Automation},
    author = {Protocol, Automation and Federal, Why Industry Needs},
    journal = {Citeseer},
    year = {2010} 
}


@INPROCEEDINGS{patch_man_framework,
  author={Mehri, Vida Ahmadi and Arlos, Patrik and Casalicchio, Emiliano},
  booktitle={2023 IEEE International Conference on Cyber Security and Resilience (CSR)}, 
  title={Automated Patch Management: An Empirical Evaluation Study}, 
  year={2023},
  volume={},
  number={},
  pages={321-328},
  doi={10.1109/CSR57506.2023.10224970}
}

@misc{nist_nvd_database,
    author = {Harold Booth} ,
    title = {National Vulnerability Database, National Institute of Standards and Technology},
    url = {https://nvd.nist.gov/}, 
    year = {2015},
    note = {(Dati del 2023-01-10)}
}

@article{windows_63_fixes_one_patch,
    author = {Ravie Lakshmanan},
    title = {Microsoft's Patch Tuesday Fixes 63 Flaws, Including Two Under Active Exploitation},
    journal = {The Hacker News},
    year = {2025},
    url = {https://thehackernews.com/2025/02/microsofts-patch-tuesday-fixes-63-flaws.html}
}

@article{critical_azure_ai,
    author = {The Hacker News},
    title = {Microsoft Patches Critical Azure AI Face Service Vulnerability with CVSS 9.9 Score},
    journal = {The Hacker News},
    url = {https://thehackernews.com/2025/02/microsoft-patches-critical-azure-ai.html},
    year = {2025}
}
@article{privilege_esc_cisco,
    author = {Ravie Lakshmanan},
    title = {Cisco Patches Critical ISE Vulnerabilities Enabling Root CmdExec and PrivEsc},
    journal = {The Hacker News},
    url = {https://thehackernews.com/2025/02/cisco-patches-critical-ise.html},
    year = {2025}
}


@misc{ibm_patch_management_site,
    author = {IBM},
    title = {Cos'è la gestione delle patch?},
    url = {https://www.ibm.com/it-it/topics/patch-management},
}

@misc{ibm_backup_dis_rec_site,
    author = {IBM},
    title = {What is backup and disaster recovery?},
    url = {https://www.ibm.com/think/topics/backup-disaster-recovery#:~:text=The%20sub%20processes%E2%80%94'backup',IT%20resources%20after%20an%20outage.}
}

@article{sophos_rep_b_d_r_ransomware,
    author = {Sophos},
    title = {The State of Ransomware 2024},
    journal = {Sophos},
    year = {2024},
    url = {https://www.sophos.com/en-us/content/state-of-ransomware}
}

@booklet{Design_Principles_Secure_Systems,
  author    = {Taofeek O. Agboola},
  title     = {Design Principles for Secure Systems},
  howpublished = {EasyChair Preprint 10435},
  year      = {EasyChair, 2023}
}

@Inbook{Advanced_Networking_Cybersecurity_Approaches,
author="Luntovskyy, Andriy",
title="Advanced Networking and Cybersecurity Approaches",
bookTitle="Reliability Engineering and Computational Intelligence for Complex Systems: Design, Analysis and Evaluation ",
year="2023",
publisher="Springer Nature Switzerland",
address="Cham",
pages="79--98",
isbn="978-3-031-40997-4",
doi="10.1007/978-3-031-40997-4_6",
url="https://doi.org/10.1007/978-3-031-40997-4_6"
}

@article{target_2013_breach,
    author = {Sean Steinberg and Adam Stepan and Kyle Neary},
    title = {Target Cyber Attack: A Columbia University Case Study},
    journal = {Picker Center Digital Education Group at
Columbia’s School of International and Public Affairs (SIPA)},
    year = {2021}
}


 @misc{eternalblue_wiki,
   author = "{Wikipedia contributors}",
   title = "EternalBlue --- {W}ikipedia{,} The Free Encyclopedia",
   year = "2024",
   url = "https://it.wikipedia.org/wiki/EternalBlue"
}


@ARTICLE{scada_system,
  author={Ten, Chee-Wooi and Liu, Chen-Ching and Manimaran, Govindarasu},
  journal={IEEE Transactions on Power Systems}, 
  title={Vulnerability Assessment of Cybersecurity for SCADA Systems}, 
  year={2008},
  volume={23},
  number={4},
  pages={1836-1846},
  keywords={Computer security;SCADA systems;Power system modeling;Power system protection;Power system simulation;Computer networks;Physics computing;Information technology;Power industry;Computational modeling;Cyber-physical system;dependability measures;passwords;Petri nets;power systems;vulnerability indices},
  doi={10.1109/TPWRS.2008.2002298}
}

@article{VAPT_Techniques,
author={Shah, Sugandh
and Mehtre, B. M.},
title={An overview of vulnerability assessment and penetration testing techniques},
journal={Journal of Computer Virology and Hacking Techniques},
year={2015},
month={Feb},
day={01},
volume={11},
number={1},
pages={27-49},
issn={2263-8733},
doi={10.1007/s11416-014-0231-x},
url={https://doi.org/10.1007/s11416-014-0231-x}
}

@misc{cwe,
    key = {Common Weakness Enumeration},
    note = {The MITRE Corporation},
    url = {https://cwe.mitre.org/}
}

@misc{cve,
    key = {Common Vulnerabilities and Exposures},
    note = {The MITRE Corporation},
    url = {https://cve.mitre.org/}
}

@INPROCEEDINGS{vulnerability_assessment_techniques,
  author={Austin, Andrew and Williams, Laurie},
  booktitle={2011 International Symposium on Empirical Software Engineering and Measurement}, 
  title={One Technique is Not Enough: A Comparison of Vulnerability Discovery Techniques}, 
  year={2011},
  volume={},
  number={},
  pages={97-106},
  doi={10.1109/ESEM.2011.18}
}

@INPROCEEDINGS{static_analysis,
  author={Liu, Bingchang and Shi, Liang and Cai, Zhuhua and Li, Min},
  booktitle={2012 Fourth International Conference on Multimedia Information Networking and Security}, 
  title={Software Vulnerability Discovery Techniques: A Survey}, 
  year={2012},
  volume={},
  number={},
  pages={152-156},
  keywords={Software;Testing;Security;Computational modeling;Software reliability;Accuracy;Educational institutions;Vulnerability;Software static analysis;Fuzzing;Penetration testing;vulnerability discovery model},
  doi={10.1109/MINES.2012.202}
}

@article{black_box,
title={The Black Box Society: The Secret Algorithms that Control Money and Information, by Frank Pasquale. Cambridge: Harvard University Press, 2015. 320 pp. ISBN 978–0674368279},
volume={26}, 
DOI={10.1017/beq.2016.50}, 
number={4}, 
journal={Business Ethics Quarterly}, 
author={Rubel, Alan}, 
year={2016}, 
pages={568–571}
}


@article{white_box,
author = {Esfahani, Naeem and Kacem, Thabet and Mirzaei, Nariman and Malek, Sam and Stavrou, Angelos},
year = {2012},
month = {06},
pages = {},
title = {A whitebox approach for automated security testing of Android applications on the cloud},
journal = {7th International Workshop on Automation of Software Test (AST)},
doi = {10.1109/IWAST.2012.6228986}
}

@article{white_box_2,
  title={Applying white box testing to database applications},
  author={Chan, Man-Yee and Cheung, Shing-Chi},
  journal={Hong Kong University of Science and Technology, Department of Computer Science, Tech. Rep},
  year={1999}
}

@article{grey_box,
  title={A comparative study of white box, black box and grey box testing techniques},
  author={Khan, Mohd Ehmer and Khan, Farmeena},
  journal={International Journal of Advanced Computer Science and Applications},
  volume={3},
  number={6},
  year={2012},
  publisher={Citeseer}
}

@INPROCEEDINGS{pen_testing,
  author={Shinde, Prashant S. and Ardhapurkar, Shrikant B.},
  booktitle={2016 World Conference on Futuristic Trends in Research and Innovation for Social Welfare (Startup Conclave)}, 
  title={Cyber security analysis using vulnerability assessment and penetration testing}, 
  year={2016},
  volume={},
  number={},
  pages={1-5},
  doi={10.1109/STARTUP.2016.7583912}
}


@InProceedings{mitre_attt_ck_in_pentest,
author="Mayukha, S.
and Vadivel, R.",
editor="Kaiser, M. Shamim
and Xie, Juanying
and Rathore, Vijay Singh",
title="Reconnaissance for Penetration Testing Using Active Scanning of MITRE ATT{\&}CK",
booktitle="Information and Communication Technology for Competitive Strategies (ICTCS 2021)",
year="2023",
publisher="Springer Nature Singapore",
address="Singapore",
pages="693--705",
isbn="978-981-19-0098-3"
}

@ARTICLE{ml_intro,
  author={Lin, Huaqing and Yan, Zheng and Chen, Yu and Zhang, Lifang},
  journal={IEEE Access}, 
  title={A Survey on Network Security-Related Data Collection Technologies}, 
  year={2018},
  volume={6},
  number={},
  pages={18345-18365},
  doi={10.1109/ACCESS.2018.2817921}
}

@INPROCEEDINGS{ann_paper,
  author={Khotanzad, A. and Sadek, N.},
  booktitle={Proceedings of the International Joint Conference on Neural Networks, 2003.}, 
  title={Multi-scale high-speed network traffic prediction using combination of neural networks}, 
  year={2003},
  volume={2},
  number={},
  pages={1071-1075 vol.2},
  doi={10.1109/IJCNN.2003.1223839}
}



@Article{ml_ids_paper,
AUTHOR = {Liu, Hongyu and Lang, Bo},
TITLE = {Machine Learning and Deep Learning Methods for Intrusion Detection Systems: A Survey},
JOURNAL = {Applied Sciences},
VOLUME = {9},
YEAR = {2019},
NUMBER = {20},
ARTICLE-NUMBER = {4396},
URL = {https://www.mdpi.com/2076-3417/9/20/4396},
ISSN = {2076-3417},
DOI = {10.3390/app9204396}
}



@article{ml_in_siem,
  title={The future of SIEM in a machine learning-driven cybersecurity landscape},
  author={Mail, ID},
  journal={Turkish Journal of Computer and Mathematics Education Vol},
  volume={14},
  number={03},
  pages={1309--1314},
  year={2023}
}

@misc{modern_soc,
    author = {Adi Dar},
    journal = {cyberbit},
    title = {The Modern SOC – Time to Look Beyond Automation},
    url = {https://www.cyberbit.com/soc-operations/modern-soc-time-to-look-beyond-automation/}
}


@InProceedings{visualization_cyber_incident_paper,
author="Macedo, In{\^e}s
and Wanous, Sinan
and Oliveira, Nuno
and Sousa, Orlando
and Pra{\c{c}}a, Isabel",
editor="Rocha, {\'A}lvaro
and Adeli, Hojjat
and Dzemyda, Gintautas
and Moreira, Fernando
and Ramalho Correia, Ana Maria",
title="A Tool to Support the Investigation and Visualization of Cyber and/or Physical Incidents",
booktitle="Trends and Applications in Information Systems and Technologies",
year="2021",
publisher="Springer International Publishing",
address="Cham",
pages="130--140",
isbn="978-3-030-72654-6"
}

@article{improving_soc,
    author = {Ponemon Institute LLC},
    title = {Improving the Effectiveness of the Security Operations Center},
    journal = {Ponemon Institute LLC},
    year = {2019}
}

@misc{aut_in_soc,
    author = {Julia Kisielius},
    title = {Automated Incident Response Explained},
    year = {2020},
    journal = {Level Blue},
    url = {https://levelblue.com/blogs/security-essentials/automated-incident-response-in-action-7-killer-use-cases}
}

@article{MITRE_and_ml,
    author = {Randy Franklin Smith, Brian Coulson, Dan Kaiser},
    title = {Using MITRE ATT\&CK in Threat Hunting and Detection},
    journal = {LogRhythm},
    year = {2022}
}

@Article{ai_and_lm,
author={Li, Jian-hua},
title={Cyber security meets artificial intelligence: a survey},
journal={Frontiers of Information Technology {\&} Electronic Engineering},
year={2018},
month={Dec},
day={01},
volume={19},
number={12},
pages={1462-1474},
issn={2095-9230},
doi={10.1631/FITEE.1800573},
url={https://doi.org/10.1631/FITEE.1800573}
}


@article{ml_corrects_human_error,
    author = {Riegler, Alexander},
    title = {The role of anticipation in cognition},
    journal = {AIP Conference Proceedings},
    volume = {573},
    number = {1},
    pages = {534-541},
    year = {2001},
    month = {06},
    issn = {0094-243X},
    doi = {10.1063/1.1388719},
    url = {https://doi.org/10.1063/1.1388719},
    eprint = {https://pubs.aip.org/aip/acp/article-pdf/573/1/534/12023736/534\_1\_online.pdf},
}

@article{the_role_of_humans,
author = {Federmeier, Kara D.},
title = {Thinking ahead: The role and roots of prediction in language comprehension},
journal = {Psychophysiology},
volume = {44},
number = {4},
pages = {491-505},
keywords = {Event-related potentials, N400, Language, Sentence processing, Aging, Hemispheric differences},
doi = {https://doi.org/10.1111/j.1469-8986.2007.00531.x},
url = {https://onlinelibrary.wiley.com/doi/abs/10.1111/j.1469-8986.2007.00531.x},
eprint = {https://onlinelibrary.wiley.com/doi/pdf/10.1111/j.1469-8986.2007.00531.x},
year = {2007}
}


@ARTICLE{bias_humans_and_ml,
  author={Lehner, P. and Seyed-Solorforough, M.-M. and O'Connor, M.F. and Sak, S. and Mullin, T.},
  journal={IEEE Transactions on Systems, Man, and Cybernetics - Part A: Systems and Humans}, 
  title={Cognitive biases and time stress in team decision making}, 
  year={1997},
  volume={27},
  number={5},
  pages={698-703},
  keywords={Stress;Decision making;Humans;Command and control systems;Aircraft navigation;Decision theory;Psychology;Testing;Aerospace control;Underwater vehicles},
  doi={10.1109/3468.618269}}



@inproceedings{importance_visualization_ml,
  title={Visualizing cybersecurity events},
  author={Markowsky, G and Markowsky, L},
  booktitle={Proceedings of the International Conference on Security and Management (SAM)},
  pages={1},
  year={2013},
  organization={The Steering Committee of The World Congress in Computer Science, Computer~…}
}

@article{situational_awarness_ml,
title = {Cyber situational awareness – A systematic review of the literature},
journal = {Computers \& Security},
volume = {46},
pages = {18-31},
year = {2014},
issn = {0167-4048},
doi = {https://doi.org/10.1016/j.cose.2014.06.008},
url = {https://www.sciencedirect.com/science/article/pii/S0167404814001011},
author = {Ulrik Franke and Joel Brynielsson},
keywords = {Situational awareness, Cyber security, National cyber strategies, Research strategy, Literature review},
}


@article{us_hospital_ransomware,
    author = {Jonathan Greig},
    title = {Nearly 400 US healthcare institutions hit with ransomware over last year, Microsoft says},
    journal = {The Record from Recorded Future News},
    year = {2024},
    url = {https://therecord.media/ransomware-healthcare-microsoft-last-year}
}

@article{healthcare_us_ransomware_2,
    author = {Dameff, Christian and Tully, Jeffrey and Chan, Theodore C. and Castillo, Edward M. and Savage, Stefan and Maysent, Patricia and Hemmen, Thomas M. and Clay, Brian J. and Longhurst, Christopher A.},
    title = {Ransomware Attack Associated With Disruptions at Adjacent Emergency Departments in the US},
    journal = {JAMA Network Open},
    volume = {6},
    number = {5},
    pages = {e2312270-e2312270},
    year = {2023},
    month = {05},
    issn = {2574-3805},
    doi = {10.1001/jamanetworkopen.2023.12270},
    url = {https://doi.org/10.1001/jamanetworkopen.2023.12270},
    eprint = {https://jamanetwork.com/journals/jamanetworkopen/articlepdf/2804585/dameff\_2023\_oi\_230381\_1682948883.13075.pdf},
}



@article{zero_trust_nist,
  title={Zero trust architecture},
  author={Stafford, V},
  journal={NIST special publication},
  volume={800},
  number={207},
  pages={800--207},
  year={2020}
}

@ARTICLE{smb_security_mesures,
  author={Chidukwani, Alladean and Zander, Sebastian and Koutsakis, Polychronis},
  journal={IEEE Access}, 
  title={A Survey on the Cyber Security of Small-to-Medium Businesses: Challenges, Research Focus and Recommendations}, 
  year={2022},
  volume={10},
  number={},
  pages={85701-85719},
  keywords={Computer crime;Business;Costs;Computer security;NIST;Data breach;Privacy;Economics;Cyber security;small-to-medium business;security posture;cyber security threats;cyber security frameworks;security and privacy},
  doi={10.1109/ACCESS.2022.3197899}}


@article{never_ending_loop_conclusions,
title = {DDoS attack evolution},
journal = {Network Security},
volume = {2008},
number = {7},
pages = {7-10},
year = {2008},
issn = {1353-4858},
doi = {https://doi.org/10.1016/S1353-4858(08)70086-2},
url = {https://www.sciencedirect.com/science/article/pii/S1353485808700862},
author = {Jose Nazario}
}


@misc{poste_iso_27001,
    key = {Certificazioni del Gruppo Poste Italiane},
    title = {Certificazioni del Gruppo Poste Italiane},
    url = {https://www.posteitaliane.it/it/certificazioni-del-gruppo.html}
}

@misc{poste_articolo_cyber,
    author = {Mirella Castigli},
    title = {Poste Italiane a 360 gradi: le 4 direttrici della sua cyber difesa},
    journal = {CyberSecurity 360},
    year = {2023},
    url = {https://www.cybersecurity360.it/outlook/poste-italiane-a-360-gradi-le-4-direttrici-per-proteggere-i-suoi-servizi/}
}

@misc{poste_cybersec,
    key = {La sicurezza nell'infrastruttura di Poste Italiane},
    author = {{Poste Italiane}},
    title = {Cyber Security},
    url = {https://www.posteitaliane.it/it/cyber-security-sostenibilita.html},
}

@article{printers_hijack,
    author = {{Cybernews Team}},
    title = {We hijacked 28,000 unsecured printers to raise awareness of printer security issues},
    journal = {Cybernews},
    url = {https://cybernews.com/security/we-hacked-28000-unsecured-printers-to-raise-awareness-of-printer-security-issues/},
    year = {2022}
}